@MISC{WEBSITE:1,
    HOWPUBLISHED = "\url{https://www.djangoproject.com}",
    AUTHOR = "Django Project",
    TITLE = "Django project website",
    NOTE = "Accessed on 2020-05-24"
}

@MISC{WEBSITE:2,
    HOWPUBLISHED = "\url{https://docs.djangoproject.com}",
    AUTHOR = "Django Project",
    TITLE = "Django project documentation",
    NOTE = "Accessed on 2020-05-24"
}

@MISC{WEBSITE:3,
    HOWPUBLISHED = "\url{https://www.django-rest-framework.org}",
    AUTHOR = "Django Rest Framework",
    TITLE = "Django Rest Framework website",
    NOTE = "Accessed on 2020-05-24"
}

@MISC{WEBSITE:4,
    HOWPUBLISHED = "\url{https://www.turtlemint.com}",
    AUTHOR = "Invictus Insurance Broking Services Private Limited",
    TITLE = "Turtlemint main website",
    NOTE = "Accessed on 2020-05-24"
}

@MISC{WEBSITE:5,
    HOWPUBLISHED = "\url{https://www.tm-assistant.turtlemint.com}",
    AUTHOR = "Django Rest Framework",
    TITLE = "Django Rest Framework website",
    NOTE = "Accessed on 2020-05-24"
}

@MISC{WEBSITE:6,
    HOWPUBLISHED = "\url{https://pro.turtlemint.com}",
    AUTHOR = "Invictus Insurance Broking Services Private Limited",
    TITLE = "Mintpro website",
    NOTE = "Accessed on 2020-05-24"
}

@MISC{WEBSITE:7,
    HOWPUBLISHED = "\url{https://docs.python.org/3}",
    AUTHOR = "Python Software Foundation",
    TITLE = "Python documentation",
    NOTE = "Accessed on 2020-05-24"
}
